<record><leader>00000cas a2200000 a 4500</leader><controlfield tag="001">35224975</controlfield><controlfield tag="008">960812c19389999miuwr ne      0    0eng c</controlfield><datafield ind1=" " ind2=" " tag="010"><subfield code="a">sn 96076958 </subfield></datafield><datafield ind1=" " ind2=" " tag="040"><subfield code="a">MHN</subfield><subfield code="b">eng</subfield><subfield code="c">MHN</subfield><subfield code="d">OCL</subfield><subfield code="d">MHN</subfield><subfield code="d">OCLCQ</subfield><subfield code="d">OCLCF</subfield><subfield code="d">OCLCO</subfield></datafield><datafield ind1="1" ind2=" " tag="029"><subfield code="a">AU@</subfield><subfield code="b">000012746035</subfield></datafield><datafield ind1=" " ind2=" " tag="042"><subfield code="a">pcc</subfield></datafield><datafield ind1=" " ind2=" " tag="043"><subfield code="a">n-us-mi</subfield></datafield><datafield ind1="0" ind2=" " tag="130"><subfield code="a">Grand Ledge independent (Grand Ledge, Mich. : 1938)</subfield></datafield><datafield ind1="1" ind2="0" tag="245"><subfield code="a">Grand Ledge independent.</subfield></datafield><datafield ind1="1" ind2="3" tag="246"><subfield code="a">Grand Ledge independent times-review and mulliken press</subfield></datafield><datafield ind1="1" ind2="3" tag="246"><subfield code="a">Independent</subfield><subfield code="f">July 1-Dec. 1, 1971</subfield></datafield><datafield ind1="1" ind2="3" tag="246"><subfield code="a">Delta-Waverly independent</subfield><subfield code="f">Sept. 17, 1969-June 30, 1971</subfield></datafield><datafield ind1=" " ind2=" " tag="260"><subfield code="a">Grand Ledge, Mich. :</subfield><subfield code="b">[s.n.]</subfield></datafield><datafield ind1=" " ind2=" " tag="300"><subfield code="a">v.</subfield></datafield><datafield ind1=" " ind2=" " tag="310"><subfield code="a">Weekly</subfield></datafield><datafield ind1="0" ind2=" " tag="362"><subfield code="a">68th yr., no. 26 (July 1, 1938)-</subfield></datafield><datafield ind1=" " ind2=" " tag="500"><subfield code="a">Published as: Independent, July 1-Dec. 1, 1971.</subfield></datafield><datafield ind1=" " ind2=" " tag="580"><subfield code="a">Issued with: Delta-Waverly independent, Sept. 17, 1969-June 30, 1971.</subfield></datafield><datafield ind1=" " ind2="0" tag="651"><subfield code="a">Grand Ledge (Mich.)</subfield><subfield code="v">Newspapers.</subfield></datafield><datafield ind1=" " ind2="0" tag="651"><subfield code="a">Eaton County (Mich.)</subfield><subfield code="v">Newspapers.</subfield></datafield><datafield ind1=" " ind2="7" tag="655"><subfield code="a">Newspapers.</subfield><subfield code="2">fast</subfield><subfield code="0">(OCoLC)fst01423814</subfield></datafield><datafield ind1=" " ind2="7" tag="651"><subfield code="a">Michigan</subfield><subfield code="z">Eaton County.</subfield><subfield code="2">fast</subfield><subfield code="0">(OCoLC)fst01214755</subfield></datafield><datafield ind1=" " ind2="7" tag="651"><subfield code="a">Michigan</subfield><subfield code="z">Grand Ledge.</subfield><subfield code="2">fast</subfield><subfield code="0">(OCoLC)fst01223498</subfield></datafield><datafield ind1=" " ind2=" " tag="752"><subfield code="a">United States</subfield><subfield code="b">Michigan</subfield><subfield code="c">Eaton</subfield><subfield code="d">Grand Ledge.</subfield></datafield><datafield ind1="0" ind2=" " tag="777"><subfield code="t">Delta-Waverly independent</subfield><subfield code="w">(DLC)sn2002062242</subfield><subfield code="w">(OCoLC)50074861</subfield></datafield><datafield ind1="0" ind2="0" tag="780"><subfield code="t">Grand Ledge independent and Grand Ledge times and Mulliken press</subfield><subfield code="w">(DLC)sn 96076957</subfield><subfield code="w">(OCoLC)35225137</subfield></datafield><datafield ind1="0" ind2="5" tag="780"><subfield code="t">Grand Ledge news</subfield><subfield code="w">(DLC)sn 96076955</subfield><subfield code="w">(OCoLC)35225751</subfield></datafield><datafield ind1="0" ind2="5" tag="780"><subfield code="t">Delta-Waverly independent</subfield><subfield code="w">(DLC)sn2002062242</subfield><subfield code="w">(OCoLC)50074861</subfield></datafield></record>